@article{PolScoWin2013,
  title={Bayesian inference for logistic models using {P}{\'o}lya--Gamma latent variables},
  author={Polson, Nicholas G and Scott, James G and Windle, Jesse},
  journal={Journal of the American statistical Association},
  volume={108},
  number={504},
  pages={1339--1349},
  year={2013},
  publisher={Taylor \& Francis Group}
}